
@online{pomart_lapport_2014,
	title = {L’apport des outils numériques dans une stratégie de valorisation des archives},
	url = {https://archivesfmsh.hypotheses.org/1297},
	abstract = {Nous publions le texte de la communication présentée à l’occasion du colloque “Archives et données de la recherche / Archives and research data”, organisé à Paris, du 7 au 10 juillet 2014 par la Section...},
	titleaddon = {Archives de la {FMSH}},
	type = {Billet},
	author = {Pomart, Julien},
	urldate = {2024-08-18},
	date = {2014-11-11},
	langid = {french},
	doi = {10.58079/clbw},
}

@article{estill_chapter_2016,
	title = {Chapter 12, Evaluating digital remediations of women's manuscripts},
	volume = {6},
	issn = {1918-3666},
	url = {https://www.digitalstudies.org/article/id/7296/},
	doi = {10.16995/dscn.12},
	abstract = {In this chapter, we assess how existing digital projects that feature women's manuscripts (c. 1550-1900) can aid research on literature, history, and cultural studies. We argue that the best digital remediations of women's manuscripts contribute, paradoxically, both to their hypermediacy (those elements that remind users they are not faced with a manuscript) and their immediacy (those aspects that hide the remediation and encourage users not to reflect on the medium). We showcase the range of scholarly engagement possible through a variety of sites, including  British Literary Manuscripts Online, Perdita Manuscripts, and Jane Austen's Fiction Manuscripts. Analyzing these resources demonstrates how they can best be used by teachers and scholars. By evaluating digital remediations of women's manuscripts, we highlight best practices for manuscript digitization and point to new directions for digital projects and literary study. Dans ce chapitre, nous évaluons comment les projets numériques qui présentent les manuscrits des femmes (vers 1550-1900) peuvent aider la recherche en littérature, en histoire et en études culturelles. Nous soutenons que les meilleures remédiations numériques de manuscrits de femmes contribuent paradoxalement à la fois à leur hypermédialité (ces éléments qui rappellent à l’utilisateur qu’il n’est pas confronté à un manuscrit) et leur instantanéité (ces aspects qui dissimulent la remédiation et encouragent l’utilisateur à ne pas songer au médium). Nous présentons la gamme d’engagements érudits possibles par l’entremise de plusieurs sites, incluant British Literary Manuscripts Online (Manuscrits littéraires britanniques en ligne), Perdita Manuscripts, et Jane Austen’s Fiction Manuscripts. L’analyse de ces ressources démontre comment celles-ci peuvent être le mieux utilisées par les professeur(e)s et les universitaires. En évaluant les remédiations numériques des manuscrits de femmes, nous mettons en évidence les meilleures pratiques pour la numérisation de manuscrits et ouvrons la voie à de nouvelles orientations pour les projets numériques et les études littéraires.},
	number = {6},
	journaltitle = {Digital Studies / Le champ numérique},
	author = {Estill, Laura and Levy, Michelle},
	urldate = {2024-08-17},
	date = {2016-07-13},
	langid = {english},
}

@incollection{terras_rise_2010,
	title = {The rise of digitisation: An overview},
	url = {https://www.research.ed.ac.uk/en/publications/the-rise-of-digitisation-an-overview},
	shorttitle = {The rise of digitisation},
	pages = {3--20},
	booktitle = {Digital Perspectives},
	publisher = {Sense Publishing},
	author = {Terras, Melissa},
	urldate = {2024-08-17},
	date = {2010},
}

@article{gilloux_research_1993,
	title = {Research into the new generation of character and mailing address recognition systems at the French post office research center},
	volume = {14},
	rights = {https://www.elsevier.com/tdm/userlicense/1.0/},
	issn = {01678655},
	url = {https://linkinghub.elsevier.com/retrieve/pii/016786559390092R},
	doi = {10.1016/0167-8655(93)90092-R},
	pages = {267--276},
	number = {4},
	journaltitle = {Pattern Recognition Letters},
	shortjournal = {Pattern Recognition Letters},
	author = {Gilloux, Michel},
	urldate = {2024-08-17},
	date = {1993-04},
	langid = {english},
}

@article{dimauro_automatic_1997,
	title = {Automatic Bankcheck Processing: A New Engineered System},
	volume = {11},
	issn = {0218-0014, 1793-6381},
	url = {https://www.worldscientific.com/doi/abs/10.1142/S0218001497000214},
	doi = {10.1142/S0218001497000214},
	shorttitle = {Automatic Bankcheck Processing},
	abstract = {A new bankcheck processing system is presented in this paper. A full exploitation of the contextual knowledge, together with a multi-expert approach, have been used both to analyze the complex shape of handwritten text and to design the system. 
            Several processing modules have been integrated in the system. Some of the most relevant are those for data acquisition, preprocessing, machine-printed numeral recognition, layout analysis, courtesy amount recognition, legal amount recognition, amount validation, and signature verification. Some combination techniques have also been used in the system. 
            Reuse and maintenance of the system were two of the main goals of the designing process and the Khoros software tool was used for this purpose.},
	pages = {467--504},
	number = {4},
	journaltitle = {International Journal of Pattern Recognition and Artificial Intelligence},
	shortjournal = {Int. J. Patt. Recogn. Artif. Intell.},
	author = {Dimauro, G. and Impedovo, S. and Pirlo, G. and Salzo, A.},
	urldate = {2024-08-17},
	date = {1997-06},
	langid = {english},
}

@article{gorski_industrial_2001,
	title = {Industrial bank check processing: the A2iA {CheckReaderTM}},
	volume = {3},
	rights = {http://www.springer.com/tdm},
	issn = {1433-2833},
	url = {http://link.springer.com/10.1007/PL00013561},
	doi = {10.1007/PL00013561},
	shorttitle = {Industrial bank check processing},
	pages = {196--206},
	number = {4},
	journaltitle = {International Journal on Document Analysis and Recognition},
	shortjournal = {{IJDAR}},
	author = {Gorski, Nikolai and Anisimov, Valery and Augustin, Emmanuel and Baret, Olivier and Maximov, Sergey},
	urldate = {2024-08-17},
	date = {2001-05},
	langid = {english},
}

@article{capurro_experimenting_2023,
	title = {Experimenting with Training a Neural Network in Transkribus to Recognise Text in a Multilingual and Multi-Authored Manuscript Collection},
	volume = {6},
	rights = {https://creativecommons.org/licenses/by/4.0/},
	issn = {2571-9408},
	url = {https://www.mdpi.com/2571-9408/6/12/392},
	doi = {10.3390/heritage6120392},
	abstract = {This work aims at developing an optimal strategy to automatically transcribe a large quantity of uncategorised, digitised archival documents when resources include handwritten text by multiple authors and in several languages. We present a comparative study to establish the efficiency of a single multilingual handwritten text recognition ({HTR}) model trained on multiple handwriting styles instead of using a separate model for every language. When successful, this approach allows us to automate the transcription of the archive, reducing manual annotation efforts and facilitating information retrieval. To train the model, we used the material from the personal archive of the Dutch glass artist Sybren Valkema (1916–1996), processing it with Transkribus.},
	pages = {7482--7494},
	number = {12},
	journaltitle = {Heritage},
	shortjournal = {Heritage},
	author = {Capurro, Carlotta and Provatorova, Vera and Kanoulas, Evangelos},
	urldate = {2024-08-17},
	date = {2023-11-29},
	langid = {english},
}

@inproceedings{leedham_historical_1994,
	title = {Historical perspectives of handwriting recognition systems},
	url = {https://www.semanticscholar.org/paper/Historical-perspectives-of-handwriting-recognition-Leedham/687ba32285fd386af22837ef3884bda6b165b97c},
	abstract = {The automatic recognition of handwriting has been under investigation since the 1950's when applications for the relatively new digital computer technology became of interest. Since then there has been steady research effort into the automatic processing and recognition of handwriting. The general categories into which the processing of handwriting can be divided are presented. Encouraging progress has been reported in the automatic recognition of mathematical formulae, printed characters, cursive script and signature verification, and there has been a limited amount of research into applying automatic image processing to personal identification and document authentication through writer identification or the detection of disguised or forged handwriting. In addition to the recognition of Roman scripts and symbols there has been intensive work into the recognition of Chinese, Japanese, and other handwritten scripts. Other applications of handwriting recognition are possible for editing, annotating and other highly interactive activities which require pointing and annotation.\&lt;
 \&gt;},
	author = {Leedham, C.},
	urldate = {2024-08-17},
	date = {1994-03-11},
}

@article{plamondon_online_2000,
	title = {Online and off-line handwriting recognition: a comprehensive survey},
	volume = {22},
	rights = {https://ieeexplore.ieee.org/Xplorehelp/downloads/license-information/{IEEE}.html},
	issn = {01628828},
	url = {http://ieeexplore.ieee.org/document/824821/},
	doi = {10.1109/34.824821},
	shorttitle = {Online and off-line handwriting recognition},
	pages = {63--84},
	number = {1},
	journaltitle = {{IEEE} Transactions on Pattern Analysis and Machine Intelligence},
	shortjournal = {{IEEE} Trans. Pattern Anal. Machine Intell.},
	author = {Plamondon, R. and Srihari, S.N.},
	urldate = {2024-08-17},
	date = {2000-01},
}

@inproceedings{ul-hasan_ocroract_2016,
	location = {Santorini, Greece},
	title = {{OCRoRACT}: A Sequence Learning {OCR} System Trained on Isolated Characters},
	isbn = {978-1-5090-1792-8},
	url = {http://ieeexplore.ieee.org/document/7490113/},
	doi = {10.1109/DAS.2016.51},
	shorttitle = {{OCRoRACT}},
	eventtitle = {2016 12th {IAPR} Workshop on Document Analysis Systems ({DAS})},
	pages = {174--179},
	booktitle = {2016 12th {IAPR} Workshop on Document Analysis Systems ({DAS})},
	publisher = {{IEEE}},
	author = {Ul-Hasan, Adnan and Bukhari, Syed Saqib and Dengel, Andreas},
	urldate = {2024-08-17},
	date = {2016-04},
}

@article{rabiner_tutorial_1989,
	title = {A tutorial on hidden Markov models and selected applications in speech recognition},
	volume = {77},
	issn = {1558-2256},
	url = {https://ieeexplore.ieee.org/document/18626},
	doi = {10.1109/5.18626},
	abstract = {This tutorial provides an overview of the basic theory of hidden Markov models ({HMMs}) as originated by L.E. Baum and T. Petrie (1966) and gives practical details on methods of implementation of the theory along with a description of selected applications of the theory to distinct problems in speech recognition. Results from a number of original sources are combined to provide a single source of acquiring the background required to pursue further this area of research. The author first reviews the theory of discrete Markov chains and shows how the concept of hidden states, where the observation is a probabilistic function of the state, can be used effectively. The theory is illustrated with two simple examples, namely coin-tossing, and the classic balls-in-urns system. Three fundamental problems of {HMMs} are noted and several practical techniques for solving these problems are given. The various types of {HMMs} that have been studied, including ergodic as well as left-right models, are described.{\textless}{\textgreater}},
	pages = {257--286},
	number = {2},
	journaltitle = {Proceedings of the {IEEE}},
	author = {Rabiner, L.R.},
	urldate = {2024-08-17},
	date = {1989-02},
	keywords = {Hidden Markov models, Speech recognition, Tutorial},
}

@online{bellin_reconnaissance_2019,
	title = {La reconnaissance d'écriture manuscrite},
	url = {https://dataanalyticspost.com/la-reconnaissance-decriture-manuscrite-de-nouvelles-applications-pour-un-des-plus-vieux-problemes-dia/},
	abstract = {La reconnaissance d'écriture manuscrite est l’un des plus vieux problèmes qui ait été posé à l'intelligence artificielle, depuis son avènement dans les années 1950. Terrain de jeu incontournable des nouveaux algorithmes d’apprentissage, elle reste un véritable défi scientifique et technique.},
	titleaddon = {Data Analytics Post},
	author = {Bellin, Isabelle},
	urldate = {2024-08-16},
	date = {2019-10-08},
	langid = {french},
}

@article{govindan_character_1990,
	title = {Character recognition — A review},
	volume = {23},
	rights = {https://www.elsevier.com/tdm/userlicense/1.0/},
	issn = {00313203},
	url = {https://linkinghub.elsevier.com/retrieve/pii/003132039090091X},
	doi = {10.1016/0031-3203(90)90091-X},
	pages = {671--683},
	number = {7},
	journaltitle = {Pattern Recognition},
	shortjournal = {Pattern Recognition},
	author = {Govindan, V.K and Shivaprasad, A.P},
	urldate = {2024-08-16},
	date = {1990-01},
	langid = {english},
}

@inproceedings{dimond_devices_1958,
	location = {Washington, D.C.},
	title = {Devices for reading handwritten characters},
	url = {http://portal.acm.org/citation.cfm?doid=1457720.1457765},
	doi = {10.1145/1457720.1457765},
	eventtitle = {Papers and discussions presented at the December 9-13, 1957, eastern joint computer conference: Computers with deadlines to meet},
	pages = {232--237},
	booktitle = {Papers and discussions presented at the December 9-13, 1957, eastern joint computer conference: Computers with deadlines to meet on {XX} - {IRE}-{ACM}-{AIEE} '57 (Eastern)},
	publisher = {{ACM} Press},
	author = {Dimond, T. L.},
	urldate = {2024-08-16},
	date = {1958},
	langid = {english},
}

@article{jean-baptiste_camps_homemade_2017,
	title = {Homemade manuscript {OCR} (1): {OCRopy}},
	url = {https://graal.hypotheses.org/786},
	doi = {10.58079/P42L},
	shorttitle = {Homemade manuscript {OCR} (1)},
	author = {{Jean-Baptiste Camps}},
	urldate = {2024-08-15},
	date = {2017-02-06},
}

@book{lucas_ocrhtr_2022,
	title = {{OCR}/{HTR} et graphie {arabeLes} manuscrits arabes à l'heure de la reconnaissance automatique des écritures},
	url = {https://hal.science/hal-03822459},
	author = {Lucas, Noëmie},
	urldate = {2024-08-13},
	date = {2022-04},
}

@article{muehlberger_transforming_2019,
	title = {Transforming scholarship in the archives through handwritten text recognition: Transkribus as a case study},
	volume = {75},
	rights = {https://www.emerald.com/insight/site-policies},
	issn = {0022-0418},
	url = {https://www.emerald.com/insight/content/doi/10.1108/JD-07-2018-0114/full/html},
	doi = {10.1108/JD-07-2018-0114},
	shorttitle = {Transforming scholarship in the archives through handwritten text recognition},
	abstract = {Purpose 
               
                An overview of the current use of handwritten text recognition ({HTR}) on archival manuscript material, as provided by the {EU} H2020 funded 
                Transkribus 
                platform. It explains {HTR}, demonstrates 
                Transkribus 
                , gives examples of use cases, highlights the affect {HTR} may have on scholarship, and evidences this turning point of the advanced use of digitised heritage content. The paper aims to discuss these issues. 
               
             
             
              Design/methodology/approach 
              This paper adopts a case study approach, using the development and delivery of the one openly available {HTR} platform for manuscript material. 
             
             
              Findings 
               
                Transkribus 
                has demonstrated that {HTR} is now a useable technology that can be employed in conjunction with mass digitisation to generate accurate transcripts of archival material. Use cases are demonstrated, and a cooperative model is suggested as a way to ensure sustainability and scaling of the platform. However, funding and resourcing issues are identified. 
               
             
             
              Research limitations/implications 
              The paper presents results from projects: further user studies could be undertaken involving interviews, surveys, etc. 
             
             
              Practical implications 
               
                Only {HTR} provided via 
                Transkribus 
                is covered: however, this is the only publicly available platform for {HTR} on individual collections of historical documents at time of writing and it represents the current state-of-the-art in this field. 
               
             
             
              Social implications 
              The increased access to information contained within historical texts has the potential to be transformational for both institutions and individuals. 
             
             
              Originality/value 
              This is the first published overview of how {HTR} is used by a wide archival studies community, reporting and showcasing current application of handwriting technology in the cultural heritage sector.},
	pages = {954--976},
	number = {5},
	journaltitle = {Journal of Documentation},
	shortjournal = {{JD}},
	author = {Muehlberger, Guenter and Seaward, Louise and Terras, Melissa and Ares Oliveira, Sofia and Bosch, Vicente and Bryan, Maximilian and Colutto, Sebastian and Déjean, Hervé and Diem, Markus and Fiel, Stefan and Gatos, Basilis and Greinoecker, Albert and Grüning, Tobias and Hackl, Guenter and Haukkovaara, Vili and Heyer, Gerhard and Hirvonen, Lauri and Hodel, Tobias and Jokinen, Matti and Kahle, Philip and Kallio, Mario and Kaplan, Frederic and Kleber, Florian and Labahn, Roger and Lang, Eva Maria and Laube, Sören and Leifert, Gundram and Louloudis, Georgios and {McNicholl}, Rory and Meunier, Jean-Luc and Michael, Johannes and Mühlbauer, Elena and Philipp, Nathanael and Pratikakis, Ioannis and Puigcerver Pérez, Joan and Putz, Hannelore and Retsinas, George and Romero, Verónica and Sablatnig, Robert and Sánchez, Joan Andreu and Schofield, Philip and Sfikas, Giorgos and Sieber, Christian and Stamatopoulos, Nikolaos and Strauß, Tobias and Terbul, Tamara and Toselli, Alejandro Héctor and Ulreich, Berthold and Villegas, Mauricio and Vidal, Enrique and Walcher, Johanna and Weidemann, Max and Wurster, Herbert and Zagoris, Konstantinos},
	urldate = {2024-08-12},
	date = {2019-09-09},
	langid = {english},
}

@unpublished{pinche_guide_2022,
	title = {Guide de transcription pour les manuscrits du Xe au {XVe} siècle},
	url = {https://hal.science/hal-03697382},
	abstract = {Ce guide est le fruit d’une réflexion menée au cours des années 2021 et 2022 dans la cadre du projet {CREMMALab} et du séminaire de recherche « Création de modèle(s) {HTR} pour les documents médiévaux en ancien français et moyen français entre le Xe et le {XVe} siècle ». Nos préconisations ont pour but d’accompagner la création des données d’entraînement afin d’optimiser l’apprentissage machine des modèles d’{HTR}. Produire des données d’entraînement demande de modéliser une représentation la matière textuelle afin de créer des données homogènes qui assureront la qualité des prédictions {HTR}. Ce guide ne prétend pas répondre à toutes les problématiques de transcriptions présentes dans les manuscrits médiévaux, mais nous espérons qu’il permettra aux transcripteurs de répondre aux interrogations les plus courantes et d’harmoniser les pratiques.},
	author = {Pinche, Ariane},
	urldate = {2024-08-07},
	date = {2022-06},
}

@article{camps_noisy_2021,
	title = {Noisy medieval data, from digitized manuscript to stylometric analysis: Evaluating Paul Meyer’s hagiographic hypothesis},
	volume = {36},
	rights = {https://academic.oup.com/journals/pages/open\_access/funder\_policies/chorus/standard\_publication\_model},
	issn = {2055-7671, 2055-768X},
	url = {https://academic.oup.com/dsh/article/36/Supplement_2/ii49/6421789},
	doi = {10.1093/llc/fqab033},
	shorttitle = {Noisy medieval data, from digitized manuscript to stylometric analysis},
	abstract = {Abstract 
            Stylometric analysis of medieval vernacular texts is still a significant challenge: the importance of scribal variation, be it spelling or more substantial, as well as the variants and errors introduced in the tradition, complicate the task of the would-be stylometrist, by inducing noise and perhaps even interferences in the authorship signal. Basing the analysis on the study of the copy from a single hand of several texts can partially mitigate these issues (Camps and Cafiero, 2013, Setting bounds in a homogeneous corpus: a methodological study applied to medieval literature. Revue Des Nouvelles Technologies de l’information ({RNTI}), {SHS}-1, pp. 55–84), but the limited availability of complete diplomatic transcriptions might make this difficult. In this article, we use a workflow combining handwritten text recognition and stylometric analysis, applied to the case of the hagiographic works contained in {MS} {BnF}, fr. 412. We seek to evaluate Paul Meyer's hypothesis about the constitution of groups of hagiographic works, as well as to examine potential authorial groupings in a vastly anonymous corpus.},
	pages = {ii49--ii71},
	issue = {Supplement\_2},
	journaltitle = {Digital Scholarship in the Humanities},
	author = {Camps, Jean-Baptiste and Clérice, Thibault and Pinche, Ariane},
	urldate = {2024-08-07},
	date = {2021-11-05},
	langid = {english},
}

@inproceedings{stutzmann_handwritten_2018,
	title = {Handwritten Text Recognition, Keyword Indexing, and Plain Text Search in Medieval Manuscripts},
	url = {https://dh-abstracts.library.cmu.edu/works/6324},
	eventtitle = {{ADHO} / {EHD} 2018 - Mexico City},
	author = {Stutzmann, Dominique and Kermorvant, Christopher and Vidal, Enrique and Chanda, Sukalpa and Hamel, Sébastien and Pérez, Joan Puigcerver and Schomaker, Lambert and Toselli, Alejandro H.},
	urldate = {2024-08-07},
	date = {2018},
	langid = {english},
}

@inproceedings{pinche_catmus-medieval_2024,
	title = {{CATMuS}-Medieval: Consistent Approaches to Transcribing {ManuScripts}},
	url = {https://inria.hal.science/hal-04346939},
	shorttitle = {{CATMuS}-Medieval},
	eventtitle = {{DH}2024},
	author = {Pinche, Ariane and Clérice, Thibault and Chagué, Alix and Camps, Jean-Baptiste and Vlachou-Efstathiou, Malamatenia and Levenson, Matthias Gille and Brisville-Fertin, Olivier and Boschetti, Federico and Fischer, Franz and Gervers, Michael and Boutreux, Agnès and Manton, Avery and Gabay, Simon and Haverals, Wouter and Kestemont, Mike and Vandyck, Caroline and O'Connor, Patricia},
	urldate = {2024-08-07},
	date = {2024-08-05},
	langid = {english},
}

@article{lecun_gradient-based_1998,
	title = {Gradient-based learning applied to document recognition},
	volume = {86},
	url = {https://hal.science/hal-03926082},
	doi = {10.1109/5.726791},
	abstract = {Multilayer neural networks trained with the back-propagation algorithm constitute the best example of a successful gradient based learning technique. Given an appropriate network architecture, gradient-based learning algorithms can be used to synthesize a complex decision surface that can classify high-dimensional patterns, such as handwritten characters, with minimal preprocessing. This paper reviews various methods applied to handwritten character recognition and compares them on a standard handwritten digit recognition task. Convolutional neural networks, which are specifically designed to deal with the variability of 2D shapes, are shown to outperform all other techniques. Real-life document recognition systems are composed of multiple modules including field extraction, segmentation recognition, and language modeling. A new learning paradigm, called graph transformer networks ({GTN}), allows such multimodule systems to be trained globally using gradient-based methods so as to minimize an overall performance measure. Two systems for online handwriting recognition are described. Experiments demonstrate the advantage of global training, and the flexibility of graph transformer networks. A graph transformer network for reading a bank cheque is also described. It uses convolutional neural network character recognizers combined with global training techniques to provide record accuracy on business and personal cheques. It is deployed commercially and reads several million cheques per day.},
	pages = {2278--2324},
	number = {11},
	journaltitle = {Proceedings of the {IEEE}},
	author = {Lecun, Yann and Bottou, Léon and Bengio, Yoshua and Haffner, Patrick},
	urldate = {2024-08-07},
	date = {1998-11},
}

@book{bendnaiba_systeme_2015,
	edition = {1. Aufl.},
	title = {Système de Reconnaissance d'Ecriture Manuscrite},
	isbn = {978-3-8417-4433-3},
	publisher = {Saarbrücken Éditions universitaires européennes 2015},
	editora = {Bendnaiba, Mohamed and Ouazzani Ch., Abdelhamid},
	editoratype = {collaborator},
	date = {2015},
	note = {{OCLC}: 909063506},
}

@thesis{barrere_architectures_2023,
	title = {Architectures de Transformer légères pour la reconnaissance de textes manuscrits anciens},
	url = {https://hal.science/tel-04385383},
	abstract = {En reconnaissance d’écriture manuscrite, les architectures Transformer permettent de faibles taux d’erreur, mais sont difficiles à entraîner avec le peu de données annotées disponibles. Dans ce manuscrit, nous proposons des architectures Transformer légères adaptées aux données limitées. Nous introduisons une architecture rapide basée sur un encodeur Transformer, et traitant jusqu’à 60 pages par seconde. Nous proposons aussi des architectures utilisant un décodeur Transformer pour inclure l’apprentissage de la langue dans la reconnaissance des caractères. Pour entraîner efficacement nos architectures, nous proposons des algorithmes de génération de données synthétiques adaptées au style visuel des documents modernes et anciens. Nous proposons également des stratégies pour l’apprentissage avec peu de données spécifiques, et la réduction des erreurs de prédiction. Nos architectures, combinées à l’utilisation de données synthétiques et de ces stratégies, atteignent des taux d’erreur compétitifs sur des lignes de texte de documents modernes. Sur des documents anciens, elles parviennent à s’entraîner avec des nombres limités de données annotées, et surpassent les approches de l’état de l’art. En particulier, 500 lignes annotées sont suffisantes pour obtenir des taux d’erreur caractères proches de 5\%.},
	institution = {{INSA} de Rennes},
	type = {phdthesis},
	author = {Barrere, Killian},
	urldate = {2024-08-06},
	date = {2023-12-20},
	langid = {french},
}

@inproceedings{terriel_atelier_2021,
	location = {Paris, France},
	title = {Atelier : Production d'un modèle affiné de reconnaissance d'écriture manuscrite avec {eScriptorium} et évaluation de ses performances. Évaluer son modèle {HTR}/{OCR} avec {KaMI} (Kraken as Model Inspector)},
	url = {https://hal.science/hal-03495762},
	shorttitle = {Atelier},
	booktitle = {Les Futurs Fantastiques - 3e Conférence Internationale sur l'Intelligence Artificielle appliquée aux Bibliothèques, Archives et Musées},
	publisher = {{AI}4LAM and Bibliothèque nationale de France},
	author = {Terriel, Lucas},
	urldate = {2024-08-06},
	date = {2021-12},
	keywords = {Evaluation, Handwritten text recognition, {HTR}, Librairie informatique, Logiciel d'évaluation, Métriques de similarité syntaxique, {OCR}, Programming package, Python, Reconnaissance automatique d'écriture manuscrite, Syntaxic similarity metrics},
}

@inproceedings{scheithauer_production_2021,
	title = {Production d'un modèle affiné de reconnaissance d'écriture manuscrite avec {eScriptorium} et évaluation de ses performances},
	url = {https://inria.hal.science/hal-03538195},
	abstract = {Cet atelier proposera aux participant-es de prendre part à la production d'un modèle affiné de reconnaissance d'écriture manuscrite ({REM}) à partir de l'application {eScriptorium}/Kraken et de découvrir une méthodologie pour l'évaluation des performances des modèles de transcription. Un modèle affiné résulte du ré-entraînement d'un premier modèle générique à partir d'un autre jeu de données, avec comme objectif de le spécialiser dans un domaine particulier.},
	eventtitle = {Les Futurs Fantastiques - 3e Conférence Internationale sur l’Intelligence Artificielle appliquée aux Bibliothèques, Archives et Musées, {AI}4LAM},
	author = {Scheithauer, Hugo and Chagué, Alix and Rostaing, Aurélia and Terriel, Lucas and Romary, Laurent and Limon-Bonnet, Marie-Françoise and Davy, Benjamin and Piraino, Gaetano and Beltrami, Franck and Habib, Danis and Denis, Nathalie and Durand, Marc},
	urldate = {2024-08-06},
	date = {2021-12-08},
	langid = {french},
}

@article{rakesh_handwritten_2024,
	title = {Handwritten text recognition using deep learning techniques: A survey},
	volume = {392},
	rights = {https://creativecommons.org/licenses/by/4.0/},
	issn = {2261-236X},
	url = {https://www.matec-conferences.org/10.1051/matecconf/202439201126},
	doi = {10.1051/matecconf/202439201126},
	shorttitle = {Handwritten text recognition using deep learning techniques},
	abstract = {{HTR} (Handwritten Text Recognition) is the automated process of converting handwritten text into digital text, holding immense value in digitizing historical records and facilitating data entry. Through a combination of image processing and {HTR} systems decode handwritten characters and words. Pre-processing techniques increases image quality by reducing noise and correcting orientation, while models, like “convolutional neural networks” and “recurrent neural networks”, extract features and capture sequence patterns. Effective {HTR} models demand diverse training datasets and involve supervised learning to align predicted text with actual transcriptions. Post processing tools, including language models and spell-checkers, refine recognition outcomes. {HTR}'s significance spans historical archive digitization, automated form processing, and aiding individuals with disabilities. Challenges persist in deciphering complex handwriting and handling degraded documents. The integration of deep learning advances {HTR}, enhancing its accuracy and efficiency, thereby expanding access to handwritten texts and enabling their digital search ability and edit ability. The outcome of this endeavor is a robust and user-friendly tool capable of converting handwritten notes, letters, manuscripts, and other textual materials into editable digital text. This project contributes significantly to bridging the gap between analog and digital information, offering immense potential for archival preservation, data accessibility improved productivity across domains.},
	pages = {01126},
	journaltitle = {{MATEC} Web of Conferences},
	shortjournal = {{MATEC} Web Conf.},
	author = {Rakesh, S. and Kushal Reddy, P. and Prashanth, V. and Srinath Reddy, K.},
	editor = {Satyanarayana, K. and Bobba, P.B. and Perveen, A. and Debnath, S.},
	urldate = {2024-08-06},
	date = {2024},
}

@collection{bunke_handbook_2000,
	location = {Singapore},
	edition = {1. publ., repr},
	title = {Handbook of character recognition and document image analysis},
	isbn = {978-981-02-2270-3},
	pagetotal = {833},
	publisher = {World Scientific},
	editor = {Bunke, Horst},
	date = {2000},
}

@book{lit_among_2020,
	location = {Leiden ; Boston},
	title = {Among digitized manuscripts: philology, codicology, paleography in a digital world},
	isbn = {978-90-04-40035-1},
	series = {Handbook of oriental studies = Handbuch der Orientalistik. Section one, The Near and Middle East},
	shorttitle = {Among digitized manuscripts},
	abstract = {"Working with manuscripts has become a digital affair. But, are there downsides to digital photos? And how can you take advantage of the incredible computing power you have literally at your fingertips? Cornelis van Lit explains in detail what happens when manuscript studies meets digital humanities. In Among Digitized Manuscripts you will learn why it is important to include a note on the photo quality in your codicological description, how to draw, collect, and publish glyphs of paleographic interest, what standards (such as {TEI} and {IIIF}) to abide by when transcribing a text, how to write custom software for image recognition, and much more. The leading principle is that learning a little about computers will already be of great benefit"--},
	pagetotal = {1},
	number = {volume 137},
	publisher = {Brill},
	author = {Lit, L. W. C. van},
	date = {2020},
	keywords = {Codicology, Data processing, Digital humanities, Digitization, Islamic civilization, Manuscripts, Manuscripts Library resources, Paleography, Philology},
}

@book{schantz_history_1982,
	location = {Manchester Center, Vt},
	title = {The History of {OCR}, optical character recognition},
	isbn = {978-0-943072-01-2},
	pagetotal = {114},
	publisher = {Recognition Technologies Users Ass},
	author = {Schantz, H. F.},
	date = {1982},
}

@book{noauthor_optical_1993,
	location = {St. Katharinen},
	title = {Optical character recognition in the historical discipline: proceedings of an international workshop organized by: Netherlands Historical Data Archive and Nijmegen Institute for Cognition and Information},
	isbn = {978-3-928134-97-2},
	series = {Halbgraue Reihe zur Historischen Fachinformatik Serie A, Historische Quellenkunde},
	shorttitle = {Optical character recognition in the historical discipline},
	pagetotal = {165},
	number = {18},
	publisher = {Scripta Mercaturae Verlag},
	date = {1993},
}

@collection{doermann_handbook_2014,
	location = {London Heidelberg},
	title = {Handbook of document image processing and recognition: with 98 tables},
	isbn = {978-0-85729-858-4 978-0-85729-860-7},
	series = {Springer reference},
	shorttitle = {Handbook of document image processing and recognition},
	publisher = {Springer},
	editor = {Doermann, David S.},
	date = {2014},
}

@book{chaudhuri_optical_2017,
	location = {Cham},
	title = {Optical character recognition systems for different languages with soft computing},
	isbn = {978-3-319-50252-6 978-3-319-50251-9},
	series = {Studies in fuzziness and soft computing},
	abstract = {The book offers a comprehensive survey of soft-computing models for optical character recognition systems. The various techniques, including fuzzy and rough sets, artificial neural networks and genetic algorithms, are tested using real texts written in different languages, such as English, French, German, Latin, Hindi and Gujrati, which have been extracted by publicly available datasets. The simulation studies, which are reported in details here, show that soft-computing based modeling of {OCR} systems performs consistently better than traditional models. Mainly intended as state-of-the-art survey for postgraduates and researchers in pattern recognition, optical character recognition and soft computing, this book will be useful for professionals in computer vision and image processing alike, dealing with different issues related to optical character recognition},
	pagetotal = {248},
	number = {Volume 352},
	publisher = {Springer},
	author = {Chaudhuri, Arindam and Mandaviya, Krupa and Badelia, Pratixa and Ghosh, Soumya K.},
	date = {2017},
	file = {Table of Contents PDF:/home/local-admin/snap/zotero-snap/common/Zotero/storage/STHCQBFN/Chaudhuri et al. - 2017 - Optical character recognition systems for differen.pdf:application/pdf},
}

@collection{santosh_recent_2021,
	location = {Singapore},
	title = {Recent trends in image processing and pattern recognition: Third International Conference, {RTIP}2R 2020, Aurangabad, India, January 3–4, 2020: revised selected papers. Part 2},
	isbn = {9789811604935 9789811604928},
	series = {Communications in computer and information science},
	shorttitle = {Recent trends in image processing and pattern recognition},
	pagetotal = {375},
	number = {1381},
	publisher = {Springer},
	editor = {Santosh, K. C. and Gawali, Bharti},
	date = {2021},
	note = {Meeting Name: {RTIP}2R},
	file = {Table of Contents PDF:/home/local-admin/snap/zotero-snap/common/Zotero/storage/W5SDAJ32/Santosh et Gawali - 2021 - Recent trends in image processing and pattern reco.pdf:application/pdf},
}
